<record><leader>00000cas a22000007a 4500</leader><controlfield tag="001">10581744</controlfield><controlfield tag="008">840331d18901898ohuwr ne      0    0eng d</controlfield><datafield ind1=" " ind2=" " tag="010"><subfield code="a">sn 84028182 </subfield></datafield><datafield ind1=" " ind2=" " tag="040"><subfield code="a">NPY</subfield><subfield code="b">eng</subfield><subfield code="c">NPY</subfield><subfield code="d">ONP</subfield><subfield code="d">OCLCQ</subfield></datafield><datafield ind1=" " ind2=" " tag="042"><subfield code="a">msc</subfield></datafield><datafield ind1="0" ind2="4" tag="245"><subfield code="a">The Lake County advertiser.</subfield></datafield><datafield ind1=" " ind2=" " tag="260"><subfield code="a">Painesville, Ohio :</subfield><subfield code="b">[s.n.],</subfield><subfield code="c">-1898.</subfield></datafield><datafield ind1=" " ind2=" " tag="300"><subfield code="a">v.</subfield></datafield><datafield ind1=" " ind2=" " tag="310"><subfield code="a">Weekly</subfield></datafield><datafield ind1="1" ind2=" " tag="362"><subfield code="a">Began in 1890?</subfield></datafield><datafield ind1="0" ind2=" " tag="362"><subfield code="a">-v. 43, no. 50 (Oct. 21, 1898).</subfield></datafield><datafield ind1=" " ind2=" " tag="500"><subfield code="a">Republican.</subfield></datafield><datafield ind1=" " ind2=" " tag="521"><subfield code="a">"Devoted to the village and vicinity news and the interests of Lake and Geauga County," &lt;Dec.&gt; 1897-&lt;May&gt;, 1898.</subfield></datafield><datafield ind1=" " ind2=" " tag="588"><subfield code="a">Description based on: Vol. 40, no. 19 (Mar. 22, 1895).</subfield></datafield><datafield ind1=" " ind2="4" tag="651"><subfield code="a">Painesville (Ohio)</subfield><subfield code="v">Newspapers.</subfield></datafield><datafield ind1=" " ind2="4" tag="651"><subfield code="a">Lake County (Ohio)</subfield><subfield code="v">Newspapers.</subfield></datafield><datafield ind1=" " ind2=" " tag="752"><subfield code="a">United States</subfield><subfield code="b">Ohio</subfield><subfield code="c">Lake</subfield><subfield code="d">Painesville.</subfield></datafield><datafield ind1="0" ind2="0" tag="780"><subfield code="t">Painesville advertiser (Painesville, Ohio : 1885)</subfield><subfield code="w">(DLC)sn 84028181</subfield></datafield><datafield ind1="0" ind2="5" tag="780"><subfield code="t">Northern Ohio journal</subfield><subfield code="w">(DLC)sn 84028194</subfield></datafield><datafield ind1="0" ind2="7" tag="785"><subfield code="t">Painesville Republican (Painesville, Ohio : 1898)</subfield></datafield><datafield ind1="0" ind2="7" tag="785"><subfield code="t">Painesville Republican and Lake County advertiser</subfield><subfield code="w">(DLC)sn 84028183</subfield></datafield></record>